@article{dhcprfc,
author = "Droms, R.",
publisher = "IETF RFC 2131",
title = "Dynamic Host Configuration Protocol",
url = "https://www.ietf.org/rfc/rfc2131.txt",
year = 1997,
month = march
}

@article{hmac,
author = "Krawczyk H., Bellare, M. and R. Canetti",
publisher = "IETF RFC 2104",
title = "HMAC: Keyed-Hashing for Message Authentication",
url = "https://tools.ietf.org/html/rfc2104",
year = 1997,
month = february
}

@article{dhcpauthrfc,
author = "Droms, R. and W. Arbaugh",
publisher = "IETF RFC 3118",
title = "Authentication for DHCP Messages",
url = "https://tools.ietf.org/html/rfc3118",
year = 2001,
month = june
}

@inproceedings{Varga:2008:OOS:1416222.1416290,
 author = {Varga, Andr\'{a}s and Hornig, Rudolf},
 title = {An Overview of the OMNeT++ Simulation Environment},
 booktitle = {Proceedings of the 1st International Conference on Simulation Tools and Techniques for Communications, Networks and Systems \& Workshops},
 series = {Simutools '08},
 year = {2008},
 isbn = {978-963-9799-20-2},
 location = {Marseille, France},
 pages = {60:1--60:10},
 articleno = {60},
 numpages = {10},
 url = {http://dl.acm.org/citation.cfm?id=1416222.1416290},
 acmid = {1416290},
 publisher = {ICST (Institute for Computer Sciences, Social-Informatics and Telecommunications Engineering)},
 address = {ICST, Brussels, Belgium, Belgium},
 keywords = {computer systems, discrete simulation, hierarchical, integrated development environment, network simulation, performance analysis, simulation tools, telecommunications},
} 

@article{inet,
 title = {INET Framework},
 url = {https://inet.omnetpp.org/},
}

@book{Rooney:2010:IIA:1951974,
 author = {Rooney, Timothy},
 title = {Introduction to IP Address Management},
 year = {2010},
 note = {{ISBN:} 978-0-470-58588-7},
 publisher = {Wiley-IEEE Press},
 url={http://eu.wiley.com/WileyCDA/WileyTitle/productCd-0470585889.html},
}

@book{practical-embedded-security,
 author = {Stapko, Timothy},
 title = {Practical Embedded Security: Building Secure Resource-Constrained Systems},
 year = {2007},
 note= {{ISBN:} 9780750682152},
 publisher = {Newnes},
 url={https://www.elsevier.com/books/practical-embedded-security/stapko/978-0-7506-8215-2},
} 

@INPROCEEDINGS{7208238, 
author={D. Daniel Dinu and M. Togan}, 
booktitle={2015 IEEE 10th Jubilee International Symposium on Applied Computational Intelligence and Informatics}, 
title={DHCPAuth - A DHCP message authentication module}, 
year={2015}, 
volume={}, 
number={}, 
pages={405-410}, 
keywords={cryptographic protocols;message authentication;public key cryptography;DHCP message authentication module;DHCP packet length;DHCPAuth;PGP;PKI;RFC 3118 authentication option format;authentication option length;network protocols;public key pair;public key ring;trust model;Authentication;IP networks;Message authentication;Protocols;Public key;Servers}, 
doi={10.1109/SACI.2015.7208238}, 
ISSN={}, 
month={May},}

@INPROCEEDINGS{6866756, 
author={D. D. Dinu and M. Togan}, 
booktitle={2014 10th International Conference on Communications (COMM)}, 
title={DHCP server authentication using digital certificates}, 
year={2014}, 
volume={}, 
number={}, 
pages={1-6}, 
keywords={certification;cryptographic protocols;digital signatures;public key cryptography;DHCP security;DHCP server attacks;DHCP server authentication;digital certificates;digital signature;public key cryptography;Authentication;Digital signatures;IP networks;Message authentication;Protocols;Servers;DHCP;DHCP authentication;DHCP security;digital certificate;digital signature;replay detection method}, 
doi={10.1109/ICComm.2014.6866756}, 
ISSN={}, 
month={May},}