@article{dhcprfc,
author = "Droms, R.",
publisher = "IETF RFC 2131",
title = "Dynamic Host Configuration Protocol",
url = "https://www.ietf.org/rfc/rfc2131.txt",
year = 1997,
month = march
}